<?xml version="1.0" encoding="UTF-8"?><collection xmlns="http://www.loc.gov/MARC21/slim"><record><leader>00400nam--2200133-i-4500</leader><controlfield tag="001">000001895</controlfield><controlfield tag="002">20161230</controlfield><controlfield tag="005">20161230201024</controlfield><controlfield tag="008">060222s1000------------r-----000-0-eng-d</controlfield><datafield ind1=" " ind2=" " tag="100"><subfield code="a">Domen, S.R., Pruitt, J.S</subfield></datafield><datafield ind1=" " ind2=" " tag="245"><subfield code="a">Determination of total x-ray beam energy with a calibrated ionization chamber</subfield></datafield><datafield ind1=" " ind2=" " tag="260"><subfield code="a">Washington, National Bureau Of Standards, 1962 16 P</subfield></datafield><datafield ind1=" " ind2=" " tag="490"><subfield code="a">Monograph</subfield></datafield><datafield ind1=" " ind2=" " tag="852"><subfield code="a">21649</subfield></datafield></record></collection>